@inproceedings{lin2016developers,
  title={Why Developers Are Slacking Off: Understanding How Software Teams Use Slack},
  author={Lin, Bin and Zagalsky, Alexey and Storey, Margaret-Anne and Serebrenik, Alexander},
  booktitle={Proceedings of the 19th ACM Conference on Computer Supported Cooperative Work and Social Computing Companion},
  pages={333--336},
  year={2016},
  organization={ACM}
}

@book{poppendieck2003lean,
  title={Lean Software Development: An Agile Toolkit: An Agile Toolkit},
  author={Poppendieck, Mary and Poppendieck, Tom},
  year={2003},
  publisher={Addison-Wesley}
}

@inproceedings{meyer2014software,
  title={Software developers' perceptions of productivity},
  author={Meyer, Andr{\'e} N and Fritz, Thomas and Murphy, Gail C and Zimmermann, Thomas},
  booktitle={Proceedings of the 22nd ACM SIGSOFT International Symposium on Foundations of Software Engineering},
  pages={19--29},
  year={2014},
  organization={ACM}
}

@inproceedings{CodeDrones2016,
 author = {Acharya, Mithun P. and Parnin, Chris and Kraft, Nicholas A. and Dagnino, Aldo and Qu, Xiao},
 title = {Code Drones},
 booktitle = {Proceedings of the 38th International Conference on Software Engineering Companion},
 series = {ICSE '16},
 year = {2016},
 isbn = {978-1-4503-4205-6},
 location = {Austin, Texas},
 pages = {785--788},
 numpages = {4},
 url = {http://doi.acm.org/10.1145/2889160.2889211},
 doi = {10.1145/2889160.2889211},
 acmid = {2889211},
 publisher = {ACM},
 address = {New York, NY, USA},
} 

@inproceedings{tse2016,
  title={How Social and Communication Channels Shape and Challenge a Participatory Culture in Software Development},
  author={Storey, M.-A., and Zagalsky, Alexey and Figueira Filho, Fernando and Singer, Leif and M. German, Daniel},
  booktitle={IEEE Transactions on Software Engineering (to appear)},
  year={2016},
  organization={IEEE},
  doi = {http://dx.doi.org/10.1109/TSE.2016.2584053},
}

@article{reinhardt2011knowledge,
  title={Knowledge worker roles and actions -- results of two empirical studies},
  author={Reinhardt, Wolfgang and Schmidt, Benedikt and Sloep, Peter and Drachsler, Hendrik},
  journal={Knowledge and Process Management},
  volume={18},
  number={3},
  pages={150--174},
  year={2011},
  publisher={Wiley Online Library}
}

@article{scacchi1995understanding,
  title={Understanding software productivity},
  author={Scacchi, Walt and Hurley, D},
  journal={Soft. Eng. and Knowledge Eng.: Trends for the Next Decade},
  volume={4},
  pages={273--316},
  year={1995},
  publisher={World Scientific Press}
}

@book{csikszentmihalyi2000beyond,
  title={Beyond boredom and anxiety.},
  author={Csikszentmihalyi, Mihaly},
  year={2000},
  publisher={Jossey-Bass}
}

@InProceedings{Arciniegas-Mendez2015,
  Title                    = {Regulation as an enabler for collaborative software development},
  Author                   = {Arciniegas-Mendez, Maryi and Zagalsky, Alexey and Storey, Margaret-Anne and Hadwin, Allyson F},
  Booktitle                = {Proceedings of the Eighth International Workshop on Cooperative and Human Aspects of Software Engineering},
  Year                     = {2015},
  Organization             = {IEEE Press},
  Pages                    = {97--100}
}

@inproceedings{Storey2014,
 author = {Storey, Margaret-Anne and Singer, Leif and Cleary, Brendan and Figueira Filho, Fernando and Zagalsky, Alexey},
 title = {The (R)Evolution of Social Media in Software Engineering},
 booktitle = {Proc. of the 36th Intl. Conf. on Soft. Eng., Future of Software Engineering},
 series = {FOSE '14},
 year = {2014},
 isbn = {978-1-4503-2865-4},
 location = {Hyderabad, India},
 pages = {100--116},
 numpages = {17},
 url = {http://doi.acm.org/10.1145/2593882.2593887},
 doi = {10.1145/2593882.2593887},
 acmid = {2593887},
 publisher = {ACM},
 address = {New York, NY, USA},
 keywords = {Collaboration, Social Media, Software Engineering},
}

@inproceedings{murgia2016bot,
  author = {Murgia, Alessandro and Janssens, Daan and Demeyer, Serge and Vasilescu, Bogdan},
  title = {Among the Machines: Human-Bot Interaction on Social Q\&A Websites},
  booktitle = {{CHI} Conference on Human Factors in Computing Systems},
  series = {CHI Extended Abstracts},
  year = {2016},
  pages = {1272--1279},
  publisher = {ACM},
  doi = {http://dx.doi.org/10.1145/2851581.2892311},
  pdf = {/papers/chi16bot.pdf},
  acceptance = {43% (281/647)},
  pubcls = {1},
  pubtype = {Conference papers (peer reviewed)}
}

@inproceedings{Arciniegas-Mendez2017,
  title={Using the Model of Regulation to Understand Software Development Collaboration Practices and Tool Support},
  author={Arciniegas-Mendez, Maryi and Zagalsky, Alexey and Storey, Margaret-Anne and Hadwin, Allyson F},
  booktitle={Proceedings of the 20th ACM Conference on Computer Supported Cooperative Work \& Social Computing (to appear)},
  year={2017},
  organization={ACM}
}

@article{Turing-1950,
 ISSN = {00264423, 14602113},
 URL = {http://www.jstor.org/stable/2251299},
 author = {A. M. Turing},
 journal = {Mind},
 number = {236},
 pages = {433-460},
 publisher = {[Oxford University Press, Mind Association]},
 title = {Computing Machinery and Intelligence},
 volume = {59},
 year = {1950}
}


@article{Weizenbaum:1966:ECP:365153.365168,
 author = {Weizenbaum, Joseph},
 title = {ELIZA\&Mdash;a Computer Program for the Study of Natural Language Communication Between Man and Machine},
 journal = {Commun. ACM},
 issue_date = {Jan. 1966},
 volume = {9},
 number = {1},
 month = jan,
 year = {1966},
 issn = {0001-0782},
 pages = {36--45},
 numpages = {10},
 url = {http://doi.acm.org/10.1145/365153.365168},
 doi = {10.1145/365153.365168},
 acmid = {365168},
 publisher = {ACM},
 address = {New York, NY, USA},
} 


@article{asimov1950evitable,
  title={The evitable conflict},
  author={Asimov, Isaac},
  journal={Astounding Science Fiction},
  volume={45},
  number={4},
  pages={48--68},
  year={1950}
}

@inproceedings{storey2016disrupting,
  title={Disrupting developer productivity one bot at a time},
  author={Storey, Margaret-Anne and Zagalsky, Alexey},
  booktitle={Proceedings of the 2016 24th ACM SIGSOFT International Symposium on Foundations of Software Engineering},
  pages={928--931},
  year={2016},
  organization={ACM}
}

@article{lebeuf2017software,
  title={How Software Developers Mitigate Collaboration Friction with Chatbots},
  author={Lebeuf, Carlene and Storey, Margaret-Anne and Zagalsky, Alexey},
  journal={Talking with Conversational Agents in Collaborative Action workshop at the Conference on Computer-Supported Cooperative Work and Social Computing (CSCW)},
  organization={ACM}
  year={2017}
}